<?xml version="1.0" encoding="UTF-8"?><record xmlns="http://www.loc.gov/MARC21/slim" xmlns:cinclude="http://apache.org/cocoon/include/1.0" xmlns:zs="http://www.loc.gov/zing/srw/">
  <leader>00568cz  a2200157n  4500</leader>
  <controlfield tag="001">nb2006026332</controlfield>
  <controlfield tag="003">DLC</controlfield>
  <controlfield tag="005">20120601074911.0</controlfield>
  <controlfield tag="008">061128n| acannaabn          |n aaa      </controlfield>
  <datafield tag="010" ind1=" " ind2=" ">
    <subfield code="a">nb2006026332</subfield>
  </datafield>
  <datafield tag="035" ind1=" " ind2=" ">
    <subfield code="a">(Uk)006658637</subfield>
  </datafield>
  <datafield tag="040" ind1=" " ind2=" ">
    <subfield code="a">Uk</subfield>
    <subfield code="b">eng</subfield>
    <subfield code="c">Uk</subfield>
    <subfield code="d">DLC</subfield>
  </datafield>
  <datafield tag="100" ind1="1" ind2=" ">
    <subfield code="a">Allen, Norman,</subfield>
    <subfield code="d">1939-</subfield>
  </datafield>
  <datafield tag="670" ind1=" " ind2=" ">
    <subfield code="a">The besting of Humphrey Mercer, 2006:</subfield>
    <subfield code="b">t.p. (Norman Allen) BL AL sent 16 Nov. 2006</subfield>
  </datafield>
  <datafield tag="670" ind1=" " ind2=" ">
    <subfield code="a">BL AL recd., 28 Nov., 2006</subfield>
    <subfield code="b">(Norman Allen, b. 4th Dec. 1939)</subfield>
  </datafield>
  <datafield tag="670" ind1=" " ind2=" ">
    <subfield code="a">IBDb, May 31, 2012:</subfield>
    <subfield code="b">(Norman Allen, stage manager, performer; b. Dec. 24, 1939, London, England)</subfield>
  </datafield>
</record>